@misc{nat64,
  author="P. Satrapa",
  title="{Vyšla definice NAT64}",
  note="Vytvořeno 5.\,5.\,2011. Dostupné online http://www.lupa.cz/clanky/vysla-definice-nat64/"
}

@book{satrapa,
  author="P. Satrapa",
  title="IPv6, kapitola 12",
  publisher="CZ.NIC, z.s.p.o.",
  year="Praha 2008",
  note="ISBN 978-80-904248-0-7., Dostupná online http://knihy.nic.cz/files/nic/edice/pavel\_satrapa\_ipv6\_2008.pdf"
}

@misc{6rd,
  author="P. Satrapa",
  title="6rd – nový koncept nasazení IPv6",
  note="Vytvořeno 4.2.2010. Dostupné online http://www.lupa.cz/clanky/6rdnbspndash-novy-koncept-nasazeni-ipv6/"
}

@misc{bsdhandbook,
  author="{The FreeBSD Documentation Project}",
  title="FreeBSD Handbook",
  note="kapitola 30. Dostupné online http://www.freebsd.org/doc/en\_US.ISO8859-1/books/handbook/firewalls.html"
}

@book{ccnpipsec,
  author="B. Morgan and N. Lovering",
  title="CCNP ISCW Official Exam Certification Guide, kapitola 12--13",
  publisher="Cisco Press",
  year="Indianapolis, IN, USA, 2008",
  note="ISBN 978-1-58720-150-9"
}
